<record><leader>00000cas a2200000 a 4500</leader><controlfield tag="001">11222697</controlfield><controlfield tag="008">841003d1873191ukyuwr ne      0    0eng d</controlfield><controlfield tag="009">3768</controlfield><datafield ind1=" " ind2=" " tag="010"><subfield code="a">sn 84038220 </subfield></datafield><datafield ind1=" " ind2=" " tag="040"><subfield code="a">NPX</subfield><subfield code="b">eng</subfield><subfield code="c">NPX</subfield><subfield code="d">KNP</subfield><subfield code="d">CNK</subfield><subfield code="d">OCL</subfield><subfield code="d">OCLCQ</subfield><subfield code="d">KNV</subfield><subfield code="d">OCLCQ</subfield><subfield code="d">OCLCO</subfield><subfield code="d">OCLCF</subfield></datafield><datafield ind1=" " ind2=" " tag="042"><subfield code="a">msc</subfield></datafield><datafield ind1=" " ind2=" " tag="043"><subfield code="a">n-us-ky</subfield></datafield><datafield ind1="0" ind2=" " tag="130"><subfield code="a">Mountain echo (Barbourville, Ky.)</subfield></datafield><datafield ind1="1" ind2="4" tag="245"><subfield code="a">The mountain echo.</subfield></datafield><datafield ind1=" " ind2=" " tag="260"><subfield code="a">Barbourville, Knox County, Ky. :</subfield><subfield code="b">W.E. Word and J.H. Wilson</subfield></datafield><datafield ind1=" " ind2=" " tag="300"><subfield code="a">v.</subfield></datafield><datafield ind1=" " ind2=" " tag="310"><subfield code="a">Weekly</subfield></datafield><datafield ind1="1" ind2=" " tag="362"><subfield code="a">Began in Sept. 1873.</subfield></datafield><datafield ind1=" " ind2=" " tag="500"><subfield code="a">Conflicting ending dates recorded in Gregory, W. Amer. newspapers, NIM.</subfield></datafield><datafield ind1=" " ind2=" " tag="500"><subfield code="a">Published in Barbourville, Ky., &lt;1873-June 4, 1875&gt;; in London, Ky. thereafter.</subfield></datafield><datafield ind1=" " ind2=" " tag="500"><subfield code="a">Publishers' names recorded in Evans, H.J. Newspaper press in Ky.</subfield></datafield><datafield ind1=" " ind2=" " tag="500"><subfield code="a">Publishers: W.E. Word &amp; J.H. Wilson, 1873-&lt;1874&gt;; J.H. Wilson, &lt;1874&gt;; John H. Wilson &amp; Vincent Boreing, &lt;1876&gt;-1877.</subfield></datafield><datafield ind1=" " ind2=" " tag="500"><subfield code="a">"Republican."</subfield></datafield><datafield ind1=" " ind2=" " tag="500"><subfield code="a">Editors: John Henry Wilson, 1873-1877; Vincent Boreing, &lt;1876&gt;-1877.</subfield></datafield><datafield ind1=" " ind2=" " tag="588"><subfield code="a">Description based on: Vol. 1, no. 4 (Oct. 3, 1873).</subfield></datafield><datafield ind1=" " ind2="0" tag="651"><subfield code="a">Barbourville (Ky.)</subfield><subfield code="v">Newspapers.</subfield></datafield><datafield ind1=" " ind2="0" tag="651"><subfield code="a">London (Ky.)</subfield><subfield code="v">Newspapers.</subfield></datafield><datafield ind1=" " ind2="0" tag="651"><subfield code="a">Laurel County (Ky.)</subfield><subfield code="v">Newspapers.</subfield></datafield><datafield ind1=" " ind2="0" tag="651"><subfield code="a">Knox County (Ky.)</subfield><subfield code="v">Newspapers.</subfield></datafield><datafield ind1=" " ind2="7" tag="655"><subfield code="a">Newspapers.</subfield><subfield code="2">fast</subfield><subfield code="0">(OCoLC)fst01423814</subfield></datafield><datafield ind1=" " ind2="7" tag="651"><subfield code="a">Kentucky</subfield><subfield code="z">Barbourville.</subfield><subfield code="2">fast</subfield><subfield code="0">(OCoLC)fst01207398</subfield></datafield><datafield ind1=" " ind2="7" tag="651"><subfield code="a">Kentucky</subfield><subfield code="z">Knox County.</subfield><subfield code="2">fast</subfield><subfield code="0">(OCoLC)fst01207494</subfield></datafield><datafield ind1=" " ind2="7" tag="651"><subfield code="a">Kentucky</subfield><subfield code="z">Laurel County.</subfield><subfield code="2">fast</subfield><subfield code="0">(OCoLC)fst01219390</subfield></datafield><datafield ind1=" " ind2="7" tag="651"><subfield code="a">Kentucky</subfield><subfield code="z">London.</subfield><subfield code="2">fast</subfield><subfield code="0">(OCoLC)fst01223606</subfield></datafield><datafield ind1=" " ind2=" " tag="752"><subfield code="a">United States</subfield><subfield code="b">Kentucky</subfield><subfield code="c">Laurel</subfield><subfield code="d">London.</subfield></datafield><datafield ind1=" " ind2=" " tag="752"><subfield code="a">United States</subfield><subfield code="b">Kentucky</subfield><subfield code="c">Knox</subfield><subfield code="d">Barbourville.</subfield></datafield><datafield ind1="0" ind2="7" tag="785"><subfield code="t">London sentinel (London, Ky.)</subfield><subfield code="w">(DLC)sn 85052105</subfield></datafield><datafield ind1="0" ind2="7" tag="785"><subfield code="t">London sentinel and mountain echo</subfield><subfield code="w">(DLC)sn 85052106</subfield></datafield></record>